@misc{blizkovsky01,
    author = "Prof. PhDr. Bohumír Bližkovský, Csc.",
    title = "Celistvé a otevřené pojetí lidského učení, vzdělávání a výchovy",
    year = "2009"
  }
